@Manual{R-abind,
  title = {abind: Combine Multidimensional Arrays},
  author = {Tony Plate and Richard Heiberger},
  year = {2016},
  note = {R package version 1.4-5},
  url = {https://CRAN.R-project.org/package=abind},
}
@Manual{R-acepack,
  title = {acepack: ACE and AVAS for Selecting Multiple Regression Transformations},
  author = {Phil Spector and Jerome Friedman and Robert Tibshirani and Thomas Lumley and Shawn Garbett and Jonathan Baron},
  year = {2016},
  note = {R package version 1.4.1},
  url = {https://CRAN.R-project.org/package=acepack},
}
@Manual{R-ade4,
  title = {ade4: Analysis of Ecological Data: Exploratory and Euclidean Methods
in Environmental Sciences},
  author = {Stéphane Dray and Anne-Béatrice Dufour and Jean Thioulouse and Thibaut Jombart and Sandrine Pavoine and Jean R. Lobry and Sébastien Ollier and Aurélie Siberchicot and Daniel Chessel},
  year = {2018},
  note = {R package version 1.7-13},
  url = {https://CRAN.R-project.org/package=ade4},
}
@Manual{R-adegenet,
  title = {adegenet: Exploratory Analysis of Genetic and Genomic Data},
  author = {Thibaut Jombart and Zhian N. Kamvar and Caitlin Collins and Roman Lustrik and Marie- Pauline Beugin and Brian J. Knaus and Peter Solymos and Vladimir Mikryukov and Klaus Schliep and Tiago Maié and Libor Morkovsky and Ismail Ahmed and Anne Cori and Federico Calboli and RJ Ewing},
  year = {2018},
  note = {R package version 2.1.1},
  url = {https://CRAN.R-project.org/package=adegenet},
}
@Manual{R-ADPclust,
  title = {ADPclust: Fast Clustering Using Adaptive Density Peak Detection},
  author = {{Yifan (Ethan) Xu} and Xiao-Feng Wang},
  year = {2016},
  note = {R package version 0.7},
  url = {https://CRAN.R-project.org/package=ADPclust},
}
@Manual{R-akima,
  title = {akima: Interpolation of Irregularly and Regularly Spaced Data},
  author = {H. Akima and Albrecht Gebhardt and Thomas Petzoldt and Martin Maechler},
  year = {2016},
  note = {R package version 0.6-2},
  url = {https://CRAN.R-project.org/package=akima},
}
@Manual{R-ALS,
  title = {ALS: Multivariate Curve Resolution Alternating Least Squares
(MCR-ALS)},
  author = {Katharine M. Mullen},
  year = {2015},
  note = {R package version 0.0.6},
  url = {https://CRAN.R-project.org/package=ALS},
}
@Manual{R-ape,
  title = {ape: Analyses of Phylogenetics and Evolution},
  author = {Emmanuel Paradis and Simon Blomberg and Ben Bolker and Joseph Brown and Julien Claude and Hoa Sien Cuong and Richard Desper and Gilles Didier and Benoit Durand and Julien Dutheil and RJ Ewing and Olivier Gascuel and Thomas Guillerme and Christoph Heibl and Anthony Ives and Bradley Jones and Franz Krah and Daniel Lawson and Vincent Lefort and Pierre Legendre and Jim Lemon and Eric Marcon and Rosemary McCloskey and Johan Nylander and Rainer Opgen-Rhein and Andrei-Alin Popescu and Manuela Royer-Carenzi and Klaus Schliep and Korbinian Strimmer and Damien {de Vienne}},
  year = {2018},
  note = {R package version 5.2},
  url = {https://CRAN.R-project.org/package=ape},
}
@Manual{R-askpass,
  title = {askpass: Safe Password Entry for R, Git, and SSH},
  author = {Jeroen Ooms},
  year = {2019},
  note = {R package version 1.1},
  url = {https://CRAN.R-project.org/package=askpass},
}
@Manual{R-assertthat,
  title = {assertthat: Easy Pre and Post Assertions},
  author = {Hadley Wickham},
  year = {2017},
  note = {R package version 0.2.0},
  url = {https://CRAN.R-project.org/package=assertthat},
}
@Manual{R-backports,
  title = {backports: Reimplementations of Functions Introduced Since R-3.0.0},
  author = {Michel Lang and {R Core Team}},
  year = {2018},
  note = {R package version 1.1.3},
  url = {https://CRAN.R-project.org/package=backports},
}
@Manual{R-base,
  title = {R: A Language and Environment for Statistical Computing},
  author = {{R Core Team}},
  organization = {R Foundation for Statistical Computing},
  address = {Vienna, Austria},
  year = {2018},
  url = {https://www.R-project.org/},
}
@Manual{R-base64enc,
  title = {base64enc: Tools for base64 encoding},
  author = {Simon Urbanek},
  year = {2015},
  note = {R package version 0.1-3},
  url = {https://CRAN.R-project.org/package=base64enc},
}
@Manual{R-betareg,
  title = {betareg: Beta Regression},
  author = {Achim Zeileis and Francisco Cribari-Neto and Bettina Gruen and Ioannis Kosmidis},
  year = {2018},
  note = {R package version 3.1-1},
  url = {https://CRAN.R-project.org/package=betareg},
}
@Manual{R-BH,
  title = {BH: Boost C++ Header Files},
  author = {Dirk Eddelbuettel and John W. Emerson and Michael J. Kane},
  year = {2019},
  note = {R package version 1.69.0-1},
  url = {https://CRAN.R-project.org/package=BH},
}
@Manual{R-BiasedUrn,
  title = {BiasedUrn: Biased Urn Model Distributions},
  author = {Agner Fog},
  year = {2015},
  note = {R package version 1.07},
  url = {https://CRAN.R-project.org/package=BiasedUrn},
}
@Manual{R-bibtex,
  title = {bibtex: Bibtex Parser},
  author = {Romain Francois},
  year = {2017},
  note = {R package version 0.4.2},
  url = {https://CRAN.R-project.org/package=bibtex},
}
@Manual{R-bindr,
  title = {bindr: Parametrized Active Bindings},
  author = {Kirill Müller},
  year = {2018},
  note = {R package version 0.1.1},
  url = {https://CRAN.R-project.org/package=bindr},
}
@Manual{R-bindrcpp,
  title = {bindrcpp: An 'Rcpp' Interface to Active Bindings},
  author = {Kirill Müller},
  year = {2018},
  note = {R package version 0.2.2},
  url = {https://CRAN.R-project.org/package=bindrcpp},
}
@Manual{R-bit,
  title = {bit: A Class for Vectors of 1-Bit Booleans},
  author = {Jens Oehlschlägel},
  year = {2018},
  note = {R package version 1.1-14},
  url = {https://CRAN.R-project.org/package=bit},
}
@Manual{R-bit64,
  title = {bit64: A S3 Class for Vectors of 64bit Integers},
  author = {Jens Oehlschlägel},
  year = {2017},
  note = {R package version 0.9-7},
  url = {https://CRAN.R-project.org/package=bit64},
}
@Manual{R-bitops,
  title = {bitops: Bitwise Operations},
  author = {Steve Dutky and Martin Maechler},
  year = {2013},
  note = {R package version 1.0-6},
  url = {https://CRAN.R-project.org/package=bitops},
}
@Manual{R-blob,
  title = {blob: A Simple S3 Class for Representing Vectors of Binary Data
('BLOBS')},
  author = {Hadley Wickham},
  year = {2018},
  note = {R package version 1.1.1},
  url = {https://CRAN.R-project.org/package=blob},
}
@Manual{R-bookdown,
  title = {bookdown: Authoring Books and Technical Documents with R Markdown},
  author = {Yihui Xie},
  year = {2018},
  note = {R package version 0.9},
  url = {https://CRAN.R-project.org/package=bookdown},
}
@Manual{R-boot,
  title = {boot: Bootstrap Functions (Originally by Angelo Canty for S)},
  author = {Angelo Canty and Brian Ripley},
  year = {2017},
  note = {R package version 1.3-20},
  url = {https://CRAN.R-project.org/package=boot},
}
@Manual{R-brew,
  title = {brew: Templating Framework for Report Generation},
  author = {Jeffrey Horner},
  year = {2011},
  note = {R package version 1.0-6},
  url = {https://CRAN.R-project.org/package=brew},
}
@Manual{R-Brobdingnag,
  title = {Brobdingnag: Very Large Numbers in R},
  author = {Robin K. S. Hankin},
  year = {2018},
  note = {R package version 1.2-6},
  url = {https://CRAN.R-project.org/package=Brobdingnag},
}
@Manual{R-broom,
  title = {broom: Convert Statistical Analysis Objects into Tidy Tibbles},
  author = {David Robinson and Alex Hayes},
  year = {2018},
  note = {R package version 0.5.0},
  url = {https://CRAN.R-project.org/package=broom},
}
@Manual{R-callr,
  title = {callr: Call R from R},
  author = {Gábor Csárdi and Winston Chang},
  year = {2018},
  note = {R package version 3.1.1},
  url = {https://CRAN.R-project.org/package=callr},
}
@Manual{R-car,
  title = {car: Companion to Applied Regression},
  author = {John Fox and Sanford Weisberg and Brad Price},
  year = {2018},
  note = {R package version 3.0-2},
  url = {https://CRAN.R-project.org/package=car},
}
@Manual{R-carData,
  title = {carData: Companion to Applied Regression Data Sets},
  author = {John Fox and Sanford Weisberg and Brad Price},
  year = {2018},
  note = {R package version 3.0-2},
  url = {https://CRAN.R-project.org/package=carData},
}
@Manual{R-caTools,
  title = {caTools: Tools: moving window statistics, GIF, Base64, ROC AUC, etc.},
  author = {Jarek Tuszynski},
  year = {2018},
  note = {R package version 1.17.1.1},
  url = {https://CRAN.R-project.org/package=caTools},
}
@Manual{R-cellranger,
  title = {cellranger: Translate Spreadsheet Cell Ranges to Rows and Columns},
  author = {Jennifer Bryan},
  year = {2016},
  note = {R package version 1.1.0},
  url = {https://CRAN.R-project.org/package=cellranger},
}
@Manual{R-checkmate,
  title = {checkmate: Fast and Versatile Argument Checks},
  author = {Michel Lang},
  year = {2017},
  note = {R package version 1.8.5},
  url = {https://CRAN.R-project.org/package=checkmate},
}
@Manual{R-class,
  title = {class: Functions for Classification},
  author = {Brian Ripley},
  year = {2015},
  note = {R package version 7.3-14},
  url = {https://CRAN.R-project.org/package=class},
}
@Manual{R-classInt,
  title = {classInt: Choose Univariate Class Intervals},
  author = {Roger Bivand},
  year = {2018},
  note = {R package version 0.2-3},
  url = {https://CRAN.R-project.org/package=classInt},
}
@Manual{R-cli,
  title = {cli: Helpers for Developing Command Line Interfaces},
  author = {Gábor Csárdi},
  year = {2018},
  note = {R package version 1.0.1},
  url = {https://CRAN.R-project.org/package=cli},
}
@Manual{R-clipr,
  title = {clipr: Read and Write from the System Clipboard},
  author = {Matthew Lincoln},
  year = {2018},
  note = {R package version 0.4.1},
  url = {https://CRAN.R-project.org/package=clipr},
}
@Manual{R-clisymbols,
  title = {clisymbols: Unicode Symbols at the R Prompt},
  author = {Gábor Csárdi and Sindre Sorhus},
  year = {2017},
  note = {R package version 1.2.0},
  url = {https://CRAN.R-project.org/package=clisymbols},
}
@Manual{R-cluster,
  title = {cluster: "Finding Groups in Data": Cluster Analysis Extended Rousseeuw et
al.},
  author = {Martin Maechler and Peter Rousseeuw and Anja Struyf and Mia Hubert},
  year = {2018},
  note = {R package version 2.0.7-1},
  url = {https://CRAN.R-project.org/package=cluster},
}
@Manual{R-coda,
  title = {coda: Output Analysis and Diagnostics for MCMC},
  author = {Martyn Plummer and Nicky Best and Kate Cowles and Karen Vines and Deepayan Sarkar and Douglas Bates and Russell Almond and Arni Magnusson},
  year = {2018},
  note = {R package version 0.19-2},
  url = {https://CRAN.R-project.org/package=coda},
}
@Manual{R-codetools,
  title = {codetools: Code Analysis Tools for R},
  author = {Luke Tierney},
  year = {2016},
  note = {R package version 0.2-15},
  url = {https://CRAN.R-project.org/package=codetools},
}
@Manual{R-colorspace,
  title = {colorspace: Color Space Manipulation},
  author = {Ross Ihaka and Paul Murrell and Kurt Hornik and Jason C. Fisher and Reto Stauffer and Achim Zeileis},
  year = {2016},
  note = {R package version 1.3-2},
  url = {https://CRAN.R-project.org/package=colorspace},
}
@Manual{R-crayon,
  title = {crayon: Colored Terminal Output},
  author = {Gábor Csárdi},
  year = {2017},
  note = {R package version 1.3.4},
  url = {https://CRAN.R-project.org/package=crayon},
}
@Manual{R-crosstalk,
  title = {crosstalk: Inter-Widget Interactivity for HTML Widgets},
  author = {Joe Cheng},
  year = {2016},
  note = {R package version 1.0.0},
  url = {https://CRAN.R-project.org/package=crosstalk},
}
@Manual{R-cure4insect,
  title = {cure4insect: Custom Reporting for Intactness and Sector Effects},
  author = {Peter Solymos and {ABMI} and {BAM}},
  year = {2018},
  note = {R package version 0.1-1},
  url = {https://github.com/ABbiodiversity/cure4insect},
}
@Manual{R-curl,
  title = {curl: A Modern and Flexible Web Client for R},
  author = {Jeroen Ooms},
  year = {2019},
  note = {R package version 3.3},
  url = {https://CRAN.R-project.org/package=curl},
}
@Manual{R-d3heatmap,
  title = {d3heatmap: Interactive Heat Maps Using 'htmlwidgets' and 'D3.js'},
  author = {Joe Cheng and Tal Galili},
  year = {2018},
  note = {R package version 0.6.1.2},
  url = {https://CRAN.R-project.org/package=d3heatmap},
}
@Manual{R-data.table,
  title = {data.table: Extension of `data.frame`},
  author = {Matt Dowle and Arun Srinivasan},
  year = {2018},
  note = {R package version 1.11.8},
  url = {https://CRAN.R-project.org/package=data.table},
}
@Manual{R-DBI,
  title = {DBI: R Database Interface},
  author = {{R Special Interest Group on Databases (R-SIG-DB)} and Hadley Wickham and Kirill Müller},
  year = {2018},
  note = {R package version 1.0.0},
  url = {https://CRAN.R-project.org/package=DBI},
}
@Manual{R-dclone,
  title = {dclone: Data Cloning and MCMC Tools for Maximum Likelihood Methods},
  author = {Peter Solymos},
  year = {2019},
  note = {R package version 2.3-0},
  url = {https://CRAN.R-project.org/package=dclone},
}
@Manual{R-dcmle,
  title = {dcmle: Hierarchical Models Made Easy with Data Cloning},
  author = {Peter Solymos},
  year = {2016},
  note = {R package version 0.3-1},
  url = {https://CRAN.R-project.org/package=dcmle},
}
@Manual{R-deldir,
  title = {deldir: Delaunay Triangulation and Dirichlet (Voronoi) Tessellation},
  author = {Rolf Turner},
  year = {2018},
  note = {R package version 0.1-15},
  url = {https://CRAN.R-project.org/package=deldir},
}
@Manual{R-dendextend,
  title = {dendextend: Extending 'dendrogram' Functionality in R},
  author = {Tal Galili and Gregory Jefferis},
  year = {2018},
  note = {R package version 1.8.0},
  url = {https://CRAN.R-project.org/package=dendextend},
}
@Manual{R-DEoptim,
  title = {DEoptim: Global Optimization by Differential Evolution},
  author = {David Ardia and Katharine Mullen and Brian Peterson and Joshua Ulrich},
  year = {2016},
  note = {R package version 2.2-4},
  url = {https://CRAN.R-project.org/package=DEoptim},
}
@Manual{R-desc,
  title = {desc: Manipulate DESCRIPTION Files},
  author = {Gábor Csárdi and Kirill Müller and Jim Hester},
  year = {2018},
  note = {R package version 1.2.0},
  url = {https://CRAN.R-project.org/package=desc},
}
@Manual{R-detect,
  title = {detect: Analyzing Wildlife Data with Detection Error},
  author = {Peter Solymos and Monica Moreno and Subhash R. Lele},
  year = {2018},
  note = {R package version 0.4-2},
  url = {https://github.com/psolymos/detect},
}
@Manual{R-devtools,
  title = {devtools: Tools to Make Developing R Packages Easier},
  author = {Hadley Wickham and Jim Hester and Winston Chang},
  year = {2018},
  note = {R package version 1.13.6},
  url = {https://CRAN.R-project.org/package=devtools},
}
@Manual{R-digest,
  title = {digest: Create Compact Hash Digests of R Objects},
  author = {Dirk Eddelbuettel},
  year = {2018},
  note = {R package version 0.6.18},
  url = {https://CRAN.R-project.org/package=digest},
}
@Manual{R-dismo,
  title = {dismo: Species Distribution Modeling},
  author = {Robert J. Hijmans and Steven Phillips and John Leathwick and Jane Elith},
  year = {2017},
  note = {R package version 1.1-4},
  url = {https://CRAN.R-project.org/package=dismo},
}
@Manual{R-distillery,
  title = {distillery: Method Functions for Confidence Intervals and to Distill
Information from an Object},
  author = {Eric Gilleland},
  year = {2017},
  note = {R package version 1.0-4},
  url = {https://CRAN.R-project.org/package=distillery},
}
@Manual{R-doParallel,
  title = {doParallel: Foreach Parallel Adaptor for the 'parallel' Package},
  author = {Microsoft Corporation and Steve Weston},
  year = {2018},
  note = {R package version 1.0.14},
  url = {https://CRAN.R-project.org/package=doParallel},
}
@Manual{R-dotCall64,
  title = {dotCall64: Enhanced Foreign Function Interface Supporting Long Vectors},
  author = {Kaspar Moesinger},
  year = {2018},
  note = {R package version 1.0-0},
  url = {https://CRAN.R-project.org/package=dotCall64},
}
@Manual{R-dplyr,
  title = {dplyr: A Grammar of Data Manipulation},
  author = {Hadley Wickham and Romain François and Lionel Henry and Kirill Müller},
  year = {2018},
  note = {R package version 0.7.8},
  url = {https://CRAN.R-project.org/package=dplyr},
}
@Manual{R-DT,
  title = {DT: A Wrapper of the JavaScript Library 'DataTables'},
  author = {Yihui Xie},
  year = {2018},
  note = {R package version 0.4},
  url = {https://CRAN.R-project.org/package=DT},
}
@Manual{R-e1071,
  title = {e1071: Misc Functions of the Department of Statistics, Probability
Theory Group (Formerly: E1071), TU Wien},
  author = {David Meyer and Evgenia Dimitriadou and Kurt Hornik and Andreas Weingessel and Friedrich Leisch},
  year = {2018},
  note = {R package version 1.7-0},
  url = {https://CRAN.R-project.org/package=e1071},
}
@Manual{R-ellipse,
  title = {ellipse: Functions for Drawing Ellipses and Ellipse-Like Confidence
Regions},
  author = {Duncan Murdoch and E. D. Chow},
  year = {2018},
  note = {R package version 0.4.1},
  url = {https://CRAN.R-project.org/package=ellipse},
}
@Manual{R-epiR,
  title = {epiR: Tools for the Analysis of Epidemiological Data},
  author = {Mark Stevenson and Telmo Nunes and Cord Heuer and Jonathon Marshall and Javier Sanchez and Ron Thornton and Jeno Reiczigel and Jim Robison-Cox and Paola Sebastiani and Peter Solymos},
  year = {2018},
  note = {R package version 0.9-97},
  url = {https://CRAN.R-project.org/package=epiR},
}
@Manual{R-evaluate,
  title = {evaluate: Parsing and Evaluation Tools that Provide More Details than the
Default},
  author = {Hadley Wickham and Yihui Xie},
  year = {2018},
  note = {R package version 0.12},
  url = {https://CRAN.R-project.org/package=evaluate},
}
@Manual{R-expm,
  title = {expm: Matrix Exponential, Log, 'etc'},
  author = {Vincent Goulet and Christophe Dutang and Martin Maechler and David Firth and Marina Shapira and Michael Stadelmann},
  year = {2018},
  note = {R package version 0.999-3},
  url = {https://CRAN.R-project.org/package=expm},
}
@Manual{R-extRemes,
  title = {extRemes: Extreme Value Analysis},
  author = {Eric Gilleland},
  year = {2018},
  note = {R package version 2.0-9},
  url = {https://CRAN.R-project.org/package=extRemes},
}
@Manual{R-fansi,
  title = {fansi: ANSI Control Sequence Aware String Functions},
  author = {Brodie Gaslam},
  year = {2018},
  note = {R package version 0.4.0},
  url = {https://CRAN.R-project.org/package=fansi},
}
@Manual{R-fields,
  title = {fields: Tools for Spatial Data},
  author = {Douglas Nychka and Reinhard Furrer and John Paige and Stephan Sain},
  year = {2018},
  note = {R package version 9.6},
  url = {https://CRAN.R-project.org/package=fields},
}
@Manual{R-flexmix,
  title = {flexmix: Flexible Mixture Modeling},
  author = {Bettina Gruen and Friedrich Leisch},
  year = {2017},
  note = {R package version 2.3-14},
  url = {https://CRAN.R-project.org/package=flexmix},
}
@Manual{R-forcats,
  title = {forcats: Tools for Working with Categorical Variables (Factors)},
  author = {Hadley Wickham},
  year = {2018},
  note = {R package version 0.3.0},
  url = {https://CRAN.R-project.org/package=forcats},
}
@Manual{R-foreach,
  title = {foreach: Provides Foreach Looping Construct for R},
  author = {{Revolution Analytics} and Steve Weston}},
  year = {2017},
  note = {R package version 1.4.4},
  url = {https://CRAN.R-project.org/package=foreach},
}
@Manual{R-forecast,
  title = {forecast: Forecasting Functions for Time Series and Linear Models},
  author = {Rob Hyndman and George Athanasopoulos and Christoph Bergmeir and Gabriel Caceres and Leanne Chhay and Mitchell O'Hara-Wild and Fotios Petropoulos and Slava Razbash and Earo Wang and Farah Yasmeen},
  year = {2018},
  note = {R package version 8.4},
  url = {https://CRAN.R-project.org/package=forecast},
}
@Manual{R-foreign,
  title = {foreign: Read Data Stored by 'Minitab', 'S', 'SAS', 'SPSS', 'Stata',
'Systat', 'Weka', 'dBase', ...},
  author = {{R Core Team}},
  year = {2017},
  note = {R package version 0.8-70},
  url = {https://CRAN.R-project.org/package=foreign},
}
@Manual{R-Formula,
  title = {Formula: Extended Model Formulas},
  author = {Achim Zeileis and Yves Croissant},
  year = {2018},
  note = {R package version 1.2-3},
  url = {https://CRAN.R-project.org/package=Formula},
}
@Manual{R-fracdiff,
  title = {fracdiff: Fractionally differenced ARIMA aka ARFIMA(p,d,q) models},
  author = {S original by Chris Fraley and {U.Washington} and Seattle. R port by Fritz Leisch at TU Wien; since 2003-12: Martin Maechler; fdGPH and {fdSperio} and etc by Valderio Reisen and Artur Lemonte.},
  year = {2012},
  note = {R package version 1.4-2},
  url = {https://CRAN.R-project.org/package=fracdiff},
}
@Manual{R-fs,
  title = {fs: Cross-Platform File System Operations Based on 'libuv'},
  author = {Jim Hester and Hadley Wickham},
  year = {2018},
  note = {R package version 1.2.6},
  url = {https://CRAN.R-project.org/package=fs},
}
@Manual{R-gbm,
  title = {gbm: Generalized Boosted Regression Models},
  author = {Brandon Greenwell and Bradley Boehmke and Jay Cunningham and GBM Developers},
  year = {2018},
  note = {R package version 2.1.4},
  url = {https://CRAN.R-project.org/package=gbm},
}
@Manual{R-gdata,
  title = {gdata: Various R Programming Tools for Data Manipulation},
  author = {Gregory R. Warnes and Ben Bolker and Gregor Gorjanc and Gabor Grothendieck and Ales Korosec and Thomas Lumley and Don MacQueen and Arni Magnusson and Jim Rogers and {others}},
  year = {2017},
  note = {R package version 2.18.0},
  url = {https://CRAN.R-project.org/package=gdata},
}
@Manual{R-gdtools,
  title = {gdtools: Utilities for Graphical Rendering},
  author = {David Gohel and Hadley Wickham and Lionel Henry and Jeroen Ooms},
  year = {2018},
  note = {R package version 0.1.7},
  url = {https://CRAN.R-project.org/package=gdtools},
}
@Manual{R-ggplot2,
  title = {ggplot2: Create Elegant Data Visualisations Using the Grammar of Graphics},
  author = {Hadley Wickham and Winston Chang and Lionel Henry and Thomas Lin Pedersen and Kohske Takahashi and Claus Wilke and Kara Woo},
  year = {2018},
  note = {R package version 3.1.0},
  url = {https://CRAN.R-project.org/package=ggplot2},
}
@Manual{R-ggvis,
  title = {ggvis: Interactive Grammar of Graphics},
  author = {Winston Chang and Hadley Wickham},
  year = {2018},
  note = {R package version 0.4.4},
  url = {https://CRAN.R-project.org/package=ggvis},
}
@Manual{R-gh,
  title = {gh: 'GitHub' 'API'},
  author = {Jennifer Bryan and Hadley Wickham},
  year = {2017},
  note = {R package version 1.0.1},
  url = {https://CRAN.R-project.org/package=gh},
}
@Manual{R-git2r,
  title = {git2r: Provides Access to Git Repositories},
  author = {See AUTHORS file.},
  year = {2018},
  note = {R package version 0.23.0},
  url = {https://CRAN.R-project.org/package=git2r},
}
@Manual{R-glmnet,
  title = {glmnet: Lasso and Elastic-Net Regularized Generalized Linear Models},
  author = {Jerome Friedman and Trevor Hastie and Rob Tibshirani and Noah Simon and Balasubramanian Narasimhan and Junyang Qian},
  year = {2018},
  note = {R package version 2.0-16},
  url = {https://CRAN.R-project.org/package=glmnet},
}
@Manual{R-glue,
  title = {glue: Interpreted String Literals},
  author = {Jim Hester},
  year = {2018},
  note = {R package version 1.3.0},
  url = {https://CRAN.R-project.org/package=glue},
}
@Manual{R-gmodels,
  title = {gmodels: Various R Programming Tools for Model Fitting},
  author = {Gregory R. Warnes andBen Bolker and Thomas Lumley and Randall C Johnson and Randall C. Johnson},
  year = {2018},
  note = {R package version 2.18.1},
  url = {https://CRAN.R-project.org/package=gmodels},
}
@Manual{R-gmp,
  title = {gmp: Multiple Precision Arithmetic},
  author = {Antoine Lucas and Immanuel Scholz and Rainer Boehme and Sylvain Jasson and Martin Maechler},
  year = {2018},
  note = {R package version 0.5-13.2},
  url = {https://CRAN.R-project.org/package=gmp},
}
@Manual{R-gridBase,
  title = {gridBase: Integration of base and grid graphics},
  author = {Paul Murrell},
  year = {2014},
  note = {R package version 0.4-7},
  url = {https://CRAN.R-project.org/package=gridBase},
}
@Manual{R-gridExtra,
  title = {gridExtra: Miscellaneous Functions for "Grid" Graphics},
  author = {Baptiste Auguie},
  year = {2017},
  note = {R package version 2.3},
  url = {https://CRAN.R-project.org/package=gridExtra},
}
@Manual{R-gtable,
  title = {gtable: Arrange 'Grobs' in Tables},
  author = {Hadley Wickham},
  year = {2016},
  note = {R package version 0.2.0},
  url = {https://CRAN.R-project.org/package=gtable},
}
@Manual{R-gtools,
  title = {gtools: Various R Programming Tools},
  author = {Gregory R. Warnes and Ben Bolker and Thomas Lumley},
  year = {2018},
  note = {R package version 3.8.1},
  url = {https://CRAN.R-project.org/package=gtools},
}
@Manual{R-haven,
  title = {haven: Import and Export 'SPSS', 'Stata' and 'SAS' Files},
  author = {Hadley Wickham and Evan Miller},
  year = {2018},
  note = {R package version 1.1.2},
  url = {https://CRAN.R-project.org/package=haven},
}
@Manual{R-hexbin,
  title = {hexbin: Hexagonal Binning Routines},
  author = {Dan Carr and Nicholas Lewin-Koh and Martin Maechler},
  year = {2018},
  note = {R package version 1.27.2},
  url = {https://CRAN.R-project.org/package=hexbin},
}
@Manual{R-highr,
  title = {highr: Syntax Highlighting for R Source Code},
  author = {Yixuan Qiu and Yihui Xie},
  year = {2018},
  note = {R package version 0.7},
  url = {https://CRAN.R-project.org/package=highr},
}
@Manual{R-Hmisc,
  title = {Hmisc: Harrell Miscellaneous},
  author = {Harrell, Jr., Frank E},
  year = {2018},
  note = {R package version 4.1-1},
  url = {https://CRAN.R-project.org/package=Hmisc},
}
@Manual{R-hms,
  title = {hms: Pretty Time of Day},
  author = {Kirill Müller},
  year = {2018},
  note = {R package version 0.4.2},
  url = {https://CRAN.R-project.org/package=hms},
}
@Manual{R-htmlTable,
  title = {htmlTable: Advanced Tables for Markdown/HTML},
  author = {Max Gordon and Stephen Gragg and Peter Konings},
  year = {2018},
  note = {R package version 1.12},
  url = {https://CRAN.R-project.org/package=htmlTable},
}
@Manual{R-htmltools,
  title = {htmltools: Tools for HTML},
  author = {{RStudio} and {Inc.}},
  year = {2017},
  note = {R package version 0.3.6},
  url = {https://CRAN.R-project.org/package=htmltools},
}
@Manual{R-htmlwidgets,
  title = {htmlwidgets: HTML Widgets for R},
  author = {Ramnath Vaidyanathan and Yihui Xie and JJ Allaire and Joe Cheng and Kenton Russell},
  year = {2018},
  note = {R package version 1.3},
  url = {https://CRAN.R-project.org/package=htmlwidgets},
}
@Manual{R-httpuv,
  title = {httpuv: HTTP and WebSocket Server Library},
  author = {Joe Cheng and Hector Corrada Bravo and Jeroen Ooms and Winston Chang},
  year = {2018},
  note = {R package version 1.4.5},
  url = {https://CRAN.R-project.org/package=httpuv},
}
@Manual{R-httr,
  title = {httr: Tools for Working with URLs and HTTP},
  author = {Hadley Wickham},
  year = {2018},
  note = {R package version 1.4.0},
  url = {https://CRAN.R-project.org/package=httr},
}
@Manual{R-igraph,
  title = {igraph: Network Analysis and Visualization},
  author = {See AUTHORS file.},
  year = {2018},
  note = {R package version 1.2.2},
  url = {https://CRAN.R-project.org/package=igraph},
}
@Manual{R-ineq,
  title = {ineq: Measuring Inequality, Concentration, and Poverty},
  author = {Achim Zeileis},
  year = {2014},
  note = {R package version 0.2-13},
  url = {https://CRAN.R-project.org/package=ineq},
}
@Manual{R-ini,
  title = {ini: Read and Write '.ini' Files},
  author = {David Valentim Dias},
  year = {2018},
  note = {R package version 0.3.1},
  url = {https://CRAN.R-project.org/package=ini},
}
@Manual{R-inline,
  title = {inline: Functions to Inline C, C++, Fortran Function Calls from R},
  author = {Oleg Sklyar and Duncan Murdoch and Mike Smith and Dirk Eddelbuettel and Romain Francois and Karline Soetaert},
  year = {2018},
  note = {R package version 0.3.15},
  url = {https://CRAN.R-project.org/package=inline},
}
@Manual{R-intrval,
  title = {intrval: Relational Operators for Intervals},
  author = {Peter Solymos},
  year = {2017},
  note = {R package version 0.1-1},
  url = {https://CRAN.R-project.org/package=intrval},
}
@Manual{R-inum,
  title = {inum: Interval and Enum-Type Representation of Vectors},
  author = {Torsten Hothorn},
  year = {2017},
  note = {R package version 1.0-0},
  url = {https://CRAN.R-project.org/package=inum},
}
@Manual{R-Iso,
  title = {Iso: Functions to Perform Isotonic Regression},
  author = {Rolf Turner},
  year = {2015},
  note = {R package version 0.0-17},
  url = {https://CRAN.R-project.org/package=Iso},
}
@Manual{R-iterators,
  title = {iterators: Provides Iterator Construct for R},
  author = {Revolution Analytics and Steve Weston},
  year = {2018},
  note = {R package version 1.0.10},
  url = {https://CRAN.R-project.org/package=iterators},
}
@Manual{R-jpeg,
  title = {jpeg: Read and write JPEG images},
  author = {Simon Urbanek},
  year = {2014},
  note = {R package version 0.1-8},
  url = {https://CRAN.R-project.org/package=jpeg},
}
@Manual{R-jsonlite,
  title = {jsonlite: A Robust, High Performance JSON Parser and Generator for R},
  author = {Jeroen Ooms and Duncan {Temple Lang} and Lloyd Hilaiel},
  year = {2018},
  note = {R package version 1.6},
  url = {https://CRAN.R-project.org/package=jsonlite},
}
@Manual{R-KernSmooth,
  title = {KernSmooth: Functions for Kernel Smoothing Supporting Wand \& Jones (1995)},
  author = {Matt Wand},
  year = {2015},
  note = {R package version 2.23-15},
  url = {https://CRAN.R-project.org/package=KernSmooth},
}
@Manual{R-knitr,
  title = {knitr: A General-Purpose Package for Dynamic Report Generation in R},
  author = {Yihui Xie},
  year = {2018},
  note = {R package version 1.21},
  url = {https://CRAN.R-project.org/package=knitr},
}
@Manual{R-labdsv,
  title = {labdsv: Ordination and Multivariate Analysis for Ecology},
  author = {David W. Roberts},
  year = {2016},
  note = {R package version 1.8-0},
  url = {https://CRAN.R-project.org/package=labdsv},
}
@Manual{R-labeling,
  title = {labeling: Axis Labeling},
  author = {Justin Talbot},
  year = {2014},
  note = {R package version 0.3},
  url = {https://CRAN.R-project.org/package=labeling},
}
@Manual{R-later,
  title = {later: Utilities for Delaying Function Execution},
  author = {Joe Cheng},
  year = {2018},
  note = {R package version 0.7.5},
  url = {https://CRAN.R-project.org/package=later},
}
@Manual{R-lattice,
  title = {lattice: Trellis Graphics for R},
  author = {Deepayan Sarkar},
  year = {2017},
  note = {R package version 0.20-35},
  url = {https://CRAN.R-project.org/package=lattice},
}
@Manual{R-latticeExtra,
  title = {latticeExtra: Extra Graphical Utilities Based on Lattice},
  author = {Deepayan Sarkar and Felix Andrews},
  year = {2016},
  note = {R package version 0.6-28},
  url = {https://CRAN.R-project.org/package=latticeExtra},
}
@Manual{R-lazyeval,
  title = {lazyeval: Lazy (Non-Standard) Evaluation},
  author = {Hadley Wickham},
  year = {2017},
  note = {R package version 0.2.1},
  url = {https://CRAN.R-project.org/package=lazyeval},
}
@Manual{R-leaflet,
  title = {leaflet: Create Interactive Web Maps with the JavaScript 'Leaflet'
Library},
  author = {Joe Cheng and Bhaskar Karambelkar and Yihui Xie},
  year = {2018},
  note = {R package version 2.0.2},
  url = {https://CRAN.R-project.org/package=leaflet},
}
@Manual{R-leaflet.extras,
  title = {leaflet.extras: Extra Functionality for 'leaflet' Package},
  author = {Bhaskar Karambelkar and Barret Schloerke},
  year = {2018},
  note = {R package version 1.0.0},
  url = {https://CRAN.R-project.org/package=leaflet.extras},
}
@Manual{R-LearnBayes,
  title = {LearnBayes: Functions for Learning Bayesian Inference},
  author = {Jim Albert},
  year = {2018},
  note = {R package version 2.15.1},
  url = {https://CRAN.R-project.org/package=LearnBayes},
}
@Manual{R-libcoin,
  title = {libcoin: Linear Test Statistics for Permutation Inference},
  author = {Torsten Hothorn},
  year = {2017},
  note = {R package version 1.0-1},
  url = {https://CRAN.R-project.org/package=libcoin},
}
@Manual{R-lintr,
  title = {lintr: A 'Linter' for R Code},
  author = {Jim Hester},
  year = {2017},
  note = {R package version 1.0.2},
  url = {https://CRAN.R-project.org/package=lintr},
}
@Manual{R-lme4,
  title = {lme4: Linear Mixed-Effects Models using 'Eigen' and S4},
  author = {Douglas Bates and Martin Maechler and Ben Bolker and Steven Walker},
  year = {2018},
  note = {R package version 1.1-18-1},
  url = {https://CRAN.R-project.org/package=lme4},
}
@Manual{R-Lmoments,
  title = {Lmoments: L-Moments and Quantile Mixtures},
  author = {Juha Karvanen and Santeri Karppinen},
  year = {2019},
  note = {R package version 1.3-1},
  url = {https://CRAN.R-project.org/package=Lmoments},
}
@Manual{R-lmtest,
  title = {lmtest: Testing Linear Regression Models},
  author = {Torsten Hothorn and Achim Zeileis and Richard W. Farebrother and Clint Cummins},
  year = {2018},
  note = {R package version 0.9-36},
  url = {https://CRAN.R-project.org/package=lmtest},
}
@Manual{R-loo,
  title = {loo: Efficient Leave-One-Out Cross-Validation and WAIC for Bayesian
Models},
  author = {Aki Vehtari and Andrew Gelman and Jonah Gabry and Yuling Yao},
  year = {2019},
  note = {R package version 2.1.0},
  url = {https://CRAN.R-project.org/package=loo},
}
@Manual{R-lubridate,
  title = {lubridate: Make Dealing with Dates a Little Easier},
  author = {Vitalie Spinu and Garrett Grolemund and Hadley Wickham},
  year = {2018},
  note = {R package version 1.7.4},
  url = {https://CRAN.R-project.org/package=lubridate},
}
@Manual{R-magick,
  title = {magick: Advanced Graphics and Image-Processing in R},
  author = {Jeroen Ooms},
  year = {2018},
  note = {R package version 2.0},
  url = {https://CRAN.R-project.org/package=magick},
}
@Manual{R-magrittr,
  title = {magrittr: A Forward-Pipe Operator for R},
  author = {Stefan Milton Bache and Hadley Wickham},
  year = {2014},
  note = {R package version 1.5},
  url = {https://CRAN.R-project.org/package=magrittr},
}
@Manual{R-manipulateWidget,
  title = {manipulateWidget: Add Even More Interactivity to Interactive Charts},
  author = {Jalal-Edine ZAWAM and Francois Guillem},
  year = {2018},
  note = {R package version 0.10.0},
  url = {https://CRAN.R-project.org/package=manipulateWidget},
}
@Manual{R-mapedit,
  title = {mapedit: Interactive Editing of Spatial Data in R},
  author = {Tim Appelhans and Kenton Russell},
  year = {2018},
  note = {R package version 0.4.3},
  url = {https://CRAN.R-project.org/package=mapedit},
}
@Manual{R-maps,
  title = {maps: Draw Geographical Maps},
  author = {Ray Brownrigg},
  year = {2018},
  note = {R package version 3.3.0},
  url = {https://CRAN.R-project.org/package=maps},
}
@Manual{R-maptools,
  title = {maptools: Tools for Handling Spatial Objects},
  author = {Roger Bivand and Nicholas Lewin-Koh},
  year = {2018},
  note = {R package version 0.9-4},
  url = {https://CRAN.R-project.org/package=maptools},
}
@Manual{R-mapview,
  title = {mapview: Interactive Viewing of Spatial Data in R},
  author = {Tim Appelhans and Florian Detsch and Christoph Reudenbach and Stefan Woellauer},
  year = {2018},
  note = {R package version 2.6.0},
  url = {https://CRAN.R-project.org/package=mapview},
}
@Manual{R-markdown,
  title = {markdown: 'Markdown' Rendering for R},
  author = {JJ Allaire and Jeffrey Horner and Yihui Xie and Vicent Marti and Natacha Porte},
  year = {2018},
  note = {R package version 0.9},
  url = {https://CRAN.R-project.org/package=markdown},
}
@Manual{R-MASS,
  title = {MASS: Support Functions and Datasets for Venables and Ripley's MASS},
  author = {Brian Ripley},
  year = {2018},
  note = {R package version 7.3-50},
  url = {https://CRAN.R-project.org/package=MASS},
}
@Manual{R-Matrix,
  title = {Matrix: Sparse and Dense Matrix Classes and Methods},
  author = {Douglas Bates and Martin Maechler},
  year = {2018},
  note = {R package version 1.2-14},
  url = {https://CRAN.R-project.org/package=Matrix},
}
@Manual{R-MatrixModels,
  title = {MatrixModels: Modelling with Sparse And Dense Matrices},
  author = {Douglas Bates and Martin Maechler},
  year = {2015},
  note = {R package version 0.4-1},
  url = {https://CRAN.R-project.org/package=MatrixModels},
}
@Manual{R-matrixStats,
  title = {matrixStats: Functions that Apply to Rows and Columns of Matrices (and to
Vectors)},
  author = {Henrik Bengtsson},
  year = {2018},
  note = {R package version 0.54.0},
  url = {https://CRAN.R-project.org/package=matrixStats},
}
@Manual{R-mefa,
  title = {mefa: Multivariate Data Handling in Ecology and Biogeography},
  author = {Peter Solymos},
  year = {2016},
  note = {R package version 3.2-7},
  url = {https://CRAN.R-project.org/package=mefa},
}
@Manual{R-mefa4,
  title = {mefa4: Multivariate Data Handling with S4 Classes and Sparse Matrices},
  author = {Peter Solymos},
  year = {2018},
  note = {R package version 0.3-5},
  url = {https://CRAN.R-project.org/package=mefa4},
}
@Manual{R-memoise,
  title = {memoise: Memoisation of Functions},
  author = {Hadley Wickham and Jim Hester and Kirill Müller and Daniel Cook},
  year = {2017},
  note = {R package version 1.1.0},
  url = {https://CRAN.R-project.org/package=memoise},
}
@Manual{R-mgcv,
  title = {mgcv: Mixed GAM Computation Vehicle with Automatic Smoothness
Estimation},
  author = {Simon Wood},
  year = {2019},
  note = {R package version 1.8-28},
  url = {https://CRAN.R-project.org/package=mgcv},
}
@Manual{R-mime,
  title = {mime: Map Filenames to MIME Types},
  author = {Yihui Xie},
  year = {2018},
  note = {R package version 0.6},
  url = {https://CRAN.R-project.org/package=mime},
}
@Manual{R-miniUI,
  title = {miniUI: Shiny UI Widgets for Small Screens},
  author = {Joe Cheng},
  year = {2018},
  note = {R package version 0.1.1.1},
  url = {https://CRAN.R-project.org/package=miniUI},
}
@Manual{R-minqa,
  title = {minqa: Derivative-free optimization algorithms by quadratic
approximation},
  author = {Douglas Bates and Katharine M. Mullen and John C. Nash and Ravi Varadhan},
  year = {2014},
  note = {R package version 1.2.4},
  url = {https://CRAN.R-project.org/package=minqa},
}
@Manual{R-mnormt,
  title = {mnormt: The Multivariate Normal and t Distributions},
  author = {Fortran code by Alan Genz and R code by Adelchi Azzalini},
  year = {2016},
  note = {R package version 1.5-5},
  url = {https://CRAN.R-project.org/package=mnormt},
}
@Manual{R-modeltools,
  title = {modeltools: Tools and Classes for Statistical Models},
  author = {Torsten Hothorn and Friedrich Leisch and Achim Zeileis},
  year = {2018},
  note = {R package version 0.2-22},
  url = {https://CRAN.R-project.org/package=modeltools},
}
@Manual{R-MuMIn,
  title = {MuMIn: Multi-Model Inference},
  author = {Kamil Bartoń},
  year = {2018},
  note = {R package version 1.42.1},
  url = {https://CRAN.R-project.org/package=MuMIn},
}
@Manual{R-munsell,
  title = {munsell: Utilities for Using Munsell Colours},
  author = {Charlotte Wickham},
  year = {2018},
  note = {R package version 0.5.0},
  url = {https://CRAN.R-project.org/package=munsell},
}
@Manual{R-mvtnorm,
  title = {mvtnorm: Multivariate Normal and t Distributions},
  author = {Alan Genz and Frank Bretz and Tetsuhisa Miwa and Xuefei Mi and Torsten Hothorn},
  year = {2019},
  note = {R package version 1.0-10},
  url = {https://CRAN.R-project.org/package=mvtnorm},
}
@Manual{R-nlme,
  title = {nlme: Linear and Nonlinear Mixed Effects Models},
  author = {José Pinheiro and Douglas Bates and {R-core}},
  year = {2018},
  note = {R package version 3.1-137},
  url = {https://CRAN.R-project.org/package=nlme},
}
@Manual{R-nloptr,
  title = {nloptr: R Interface to NLopt},
  author = {Jelmer Ypma and with contributions by Hans W. Borchers and Dirk Eddelbuettel},
  year = {2018},
  note = {R package version 1.2.0},
  url = {https://CRAN.R-project.org/package=nloptr},
}
@Manual{R-NMF,
  title = {NMF: Algorithms and Framework for Nonnegative Matrix Factorization
(NMF)},
  author = {Renaud Gaujoux and Cathal Seoighe},
  year = {2018},
  note = {R package version 0.21.0},
  url = {https://CRAN.R-project.org/package=NMF},
}
@Manual{R-nnet,
  title = {nnet: Feed-Forward Neural Networks and Multinomial Log-Linear Models},
  author = {Brian Ripley},
  year = {2016},
  note = {R package version 7.3-12},
  url = {https://CRAN.R-project.org/package=nnet},
}
@Manual{R-nnls,
  title = {nnls: The Lawson-Hanson algorithm for non-negative least squares
(NNLS)},
  author = {Katharine M. Mullen and Ivo H. M. {van Stokkum}},
  year = {2012},
  note = {R package version 1.4},
  url = {https://CRAN.R-project.org/package=nnls},
}
@Manual{R-numDeriv,
  title = {numDeriv: Accurate Numerical Derivatives},
  author = {Paul Gilbert and Ravi Varadhan},
  year = {2016},
  note = {R package version 2016.8-1},
  url = {https://CRAN.R-project.org/package=numDeriv},
}
@Manual{R-opencpu,
  title = {opencpu: Producing and Reproducing Results},
  author = {Jeroen Ooms},
  year = {2018},
  note = {R package version 2.0.8},
  url = {https://CRAN.R-project.org/package=opencpu},
}
@Manual{R-openssl,
  title = {openssl: Toolkit for Encryption, Signatures and Certificates Based on
OpenSSL},
  author = {Jeroen Ooms},
  year = {2019},
  note = {R package version 1.2.1},
  url = {https://CRAN.R-project.org/package=openssl},
}
@Manual{R-openxlsx,
  title = {openxlsx: Read, Write and Edit XLSX Files},
  author = {Alexander Walker},
  year = {2018},
  note = {R package version 4.1.0},
  url = {https://CRAN.R-project.org/package=openxlsx},
}
@Manual{R-opticut,
  title = {opticut: Likelihood Based Optimal Partitioning and Indicator Species
Analysis},
  author = {Peter Solymos and Ermias T. Azeria},
  year = {2018},
  note = {R package version 0.1-2},
  url = {https://CRAN.R-project.org/package=opticut},
}
@Manual{R-parsedate,
  title = {parsedate: Recognize and Parse Dates in Various Formats, Including All ISO
8601 Formats},
  author = {Gábor Csárdi and Linus Torvalds},
  year = {2017},
  note = {R package version 1.1.3},
  url = {https://CRAN.R-project.org/package=parsedate},
}
@Manual{R-partitions,
  title = {partitions: Additive Partitions of Integers},
  author = {Robin K. S. Hankin},
  year = {2017},
  note = {R package version 1.9-19},
  url = {https://CRAN.R-project.org/package=partitions},
}
@Manual{R-partykit,
  title = {partykit: A Toolkit for Recursive Partytioning},
  author = {Torsten Hothorn and Achim Zeileis},
  year = {2018},
  note = {R package version 1.2-2},
  url = {https://CRAN.R-project.org/package=partykit},
}
@Manual{R-pbapply,
  title = {pbapply: Adding Progress Bar to '*apply' Functions},
  author = {Peter Solymos and Zygmunt Zawadzki},
  year = {2019},
  note = {R package version 1.4-0},
  url = {https://CRAN.R-project.org/package=pbapply},
}
@Manual{R-pbkrtest,
  title = {pbkrtest: Parametric Bootstrap and Kenward Roger Based Methods for Mixed
Model Comparison},
  author = {Ulrich Halekoh Søren Højsgaard <sorenh@math.aau.dk>},
  year = {2017},
  note = {R package version 0.4-7},
  url = {https://CRAN.R-project.org/package=pbkrtest},
}
@Manual{R-permute,
  title = {permute: Functions for Generating Restricted Permutations of Data},
  author = {Gavin L. Simpson},
  year = {2016},
  note = {R package version 0.9-4},
  url = {https://CRAN.R-project.org/package=permute},
}
@Manual{R-pillar,
  title = {pillar: Coloured Formatting for Columns},
  author = {Kirill Müller and Hadley Wickham},
  year = {2018},
  note = {R package version 1.3.1},
  url = {https://CRAN.R-project.org/package=pillar},
}
@Manual{R-pkgbuild,
  title = {pkgbuild: Find Tools Needed to Build R Packages},
  author = {Hadley Wickham and Jim Hester},
  year = {2018},
  note = {R package version 1.0.2},
  url = {https://CRAN.R-project.org/package=pkgbuild},
}
@Manual{R-pkgconfig,
  title = {pkgconfig: Private Configuration for 'R' Packages},
  author = {Gábor Csárdi},
  year = {2018},
  note = {R package version 2.0.2},
  url = {https://CRAN.R-project.org/package=pkgconfig},
}
@Manual{R-pkgload,
  title = {pkgload: Simulate Package Installation and Attach},
  author = {Hadley Wickham and Jim Hester and Winston Chang},
  year = {2018},
  note = {R package version 1.0.2},
  url = {https://CRAN.R-project.org/package=pkgload},
}
@Manual{R-pkgmaker,
  title = {pkgmaker: Development Utilities for R Packages},
  author = {Renaud Gaujoux},
  year = {2018},
  note = {R package version 0.27},
  url = {https://CRAN.R-project.org/package=pkgmaker},
}
@Manual{R-plogr,
  title = {plogr: The 'plog' C++ Logging Library},
  author = {Kirill Müller},
  year = {2018},
  note = {R package version 0.2.0},
  url = {https://CRAN.R-project.org/package=plogr},
}
@Manual{R-plotrix,
  title = {plotrix: Various Plotting Functions},
  author = {Jim Lemon and Ben Bolker and Sander Oom and Eduardo Klein and Barry Rowlingson and Hadley Wickham and Anupam Tyagi and Olivier Eterradossi and Gabor Grothendieck and Michael Toews and John Kane and Rolf Turner and Carl Witthoft and Julian Stander and Thomas Petzoldt and Remko Duursma and Elisa Biancotto and Ofir Levy and Christophe Dutang and Peter Solymos and Robby Engelmann and Michael Hecker and Felix Steinbeck and Hans Borchers and Henrik Singmann and Ted Toal and Derek Ogle and Darshan Baral and Ulrike Groemping},
  year = {2018},
  note = {R package version 3.7-4},
  url = {https://CRAN.R-project.org/package=plotrix},
}
@Manual{R-plyr,
  title = {plyr: Tools for Splitting, Applying and Combining Data},
  author = {Hadley Wickham},
  year = {2016},
  note = {R package version 1.8.4},
  url = {https://CRAN.R-project.org/package=plyr},
}
@Manual{R-png,
  title = {png: Read and write PNG images},
  author = {Simon Urbanek},
  year = {2013},
  note = {R package version 0.1-7},
  url = {https://CRAN.R-project.org/package=png},
}
@Manual{R-polynom,
  title = {polynom: A Collection of Functions to Implement a Class for Univariate
Polynomial Manipulations},
  author = {Bill Venables and Kurt Hornik and Martin Maechler},
  year = {2016},
  note = {R package version 1.3-9},
  url = {https://CRAN.R-project.org/package=polynom},
}
@Manual{R-praise,
  title = {praise: Praise Users},
  author = {Gabor Csardi and Sindre Sorhus},
  year = {2015},
  note = {R package version 1.0.0},
  url = {https://CRAN.R-project.org/package=praise},
}
@Manual{R-prettyunits,
  title = {prettyunits: Pretty, Human Readable Formatting of Quantities},
  author = {Gabor Csardi},
  year = {2015},
  note = {R package version 1.0.2},
  url = {https://CRAN.R-project.org/package=prettyunits},
}
@Manual{R-pROC,
  title = {pROC: Display and Analyze ROC Curves},
  author = {Xavier Robin and Natacha Turck and Alexandre Hainard and Natalia Tiberti and Frédérique Lisacek and Jean-Charles Sanchez and Markus Müller},
  year = {2018},
  note = {R package version 1.13.0},
  url = {https://CRAN.R-project.org/package=pROC},
}
@Manual{R-processx,
  title = {processx: Execute and Control System Processes},
  author = {Gábor Csárdi and Winston Chang},
  year = {2018},
  note = {R package version 3.2.1},
  url = {https://CRAN.R-project.org/package=processx},
}
@Manual{R-progress,
  title = {progress: Terminal Progress Bars},
  author = {Gábor Csárdi and Rich FitzJohn},
  year = {2018},
  note = {R package version 1.2.0},
  url = {https://CRAN.R-project.org/package=progress},
}
@Manual{R-promises,
  title = {promises: Abstractions for Promise-Based Asynchronous Programming},
  author = {Joe Cheng},
  year = {2018},
  note = {R package version 1.0.1},
  url = {https://CRAN.R-project.org/package=promises},
}
@Manual{R-protolite,
  title = {protolite: Fast and Simple Object Serialization to Protocol Buffers},
  author = {Jeroen Ooms},
  year = {2018},
  note = {R package version 1.8},
  url = {https://CRAN.R-project.org/package=protolite},
}
@Manual{R-ps,
  title = {ps: List, Query, Manipulate System Processes},
  author = {Jay Loden and Dave Daeschler and Giampaolo Rodola' and Gábor Csárdi},
  year = {2018},
  note = {R package version 1.3.0},
  url = {https://CRAN.R-project.org/package=ps},
}
@Manual{R-pscl,
  title = {pscl: Political Science Computational Laboratory},
  author = {Simon Jackman and Alex Tahk and Achim Zeileis and Christina Maimone and Jim Fearon},
  year = {2017},
  note = {R package version 1.5.2},
  url = {https://CRAN.R-project.org/package=pscl},
}
@Manual{R-purrr,
  title = {purrr: Functional Programming Tools},
  author = {Lionel Henry and Hadley Wickham},
  year = {2018},
  note = {R package version 0.2.5},
  url = {https://CRAN.R-project.org/package=purrr},
}
@Manual{R-PVAClone,
  title = {PVAClone: Population Viability Analysis with Data Cloning},
  author = {Khurram Nadeem and Peter Solymos},
  year = {2016},
  note = {R package version 0.1-6},
  url = {https://CRAN.R-project.org/package=PVAClone},
}
@Manual{R-quadprog,
  title = {quadprog: Functions to solve Quadratic Programming Problems.},
  author = {Berwin A. Turlach and Andreas Weingessel},
  year = {2013},
  note = {R package version 1.5-5},
  url = {https://CRAN.R-project.org/package=quadprog},
}
@Manual{R-quantmod,
  title = {quantmod: Quantitative Financial Modelling Framework},
  author = {Jeffrey A. Ryan and Joshua M. Ulrich},
  year = {2018},
  note = {R package version 0.4-13},
  url = {https://CRAN.R-project.org/package=quantmod},
}
@Manual{R-quantreg,
  title = {quantreg: Quantile Regression},
  author = {Roger Koenker},
  year = {2018},
  note = {R package version 5.36},
  url = {https://CRAN.R-project.org/package=quantreg},
}
@Manual{R-R.methodsS3,
  title = {R.methodsS3: S3 Methods Simplified},
  author = {Henrik Bengtsson},
  year = {2016},
  note = {R package version 1.7.1},
  url = {https://CRAN.R-project.org/package=R.methodsS3},
}
@Manual{R-R.oo,
  title = {R.oo: R Object-Oriented Programming with or without References},
  author = {Henrik Bengtsson},
  year = {2018},
  note = {R package version 1.22.0},
  url = {https://CRAN.R-project.org/package=R.oo},
}
@Manual{R-R.utils,
  title = {R.utils: Various Programming Utilities},
  author = {Henrik Bengtsson},
  year = {2018},
  note = {R package version 2.7.0},
  url = {https://CRAN.R-project.org/package=R.utils},
}
@Manual{R-R2OpenBUGS,
  title = {R2OpenBUGS: Running OpenBUGS from R},
  author = {originally written as R2WinBUGS by Andrew Gelman; changes and packaged by Sibylle Sturtz and Uwe Ligges. With considerable contributions by Gregor Gorjanc <gregor.gorjanc@bfro.uni-lj.si> and Jouni Kerman. Adapted to R2OpenBUGS from R2WinBUGS by Neal Thomas.},
  year = {2017},
  note = {R package version 3.2-3.2},
  url = {https://CRAN.R-project.org/package=R2OpenBUGS},
}
@Manual{R-R2WinBUGS,
  title = {R2WinBUGS: Running 'WinBUGS' and 'OpenBUGS' from 'R' / 'S-PLUS'},
  author = {Andrew Gelman and Sibylle Sturtz and Uwe Ligges and Gregor Gorjanc and Jouni Kerman},
  year = {2015},
  note = {R package version 2.1-21},
  url = {https://CRAN.R-project.org/package=R2WinBUGS},
}
@Manual{R-R6,
  title = {R6: Classes with Reference Semantics},
  author = {Winston Chang},
  year = {2018},
  note = {R package version 2.3.0},
  url = {https://CRAN.R-project.org/package=R6},
}
@Manual{R-rappdirs,
  title = {rappdirs: Application Directories: Determine Where to Save Data, Caches,
and Logs},
  author = {Sridhar Ratnakumar and Trent Mick and Trevor Davis},
  year = {2016},
  note = {R package version 0.3.1},
  url = {https://CRAN.R-project.org/package=rappdirs},
}
@Manual{R-raster,
  title = {raster: Geographic Data Analysis and Modeling},
  author = {Robert J. Hijmans},
  year = {2018},
  note = {R package version 2.8-4},
  url = {https://CRAN.R-project.org/package=raster},
}
@Manual{R-rcmdcheck,
  title = {rcmdcheck: Run 'R CMD check' from 'R' and Capture Results},
  author = {Gábor Csárdi},
  year = {2018},
  note = {R package version 1.3.2},
  url = {https://CRAN.R-project.org/package=rcmdcheck},
}
@Manual{R-RColorBrewer,
  title = {RColorBrewer: ColorBrewer Palettes},
  author = {Erich Neuwirth},
  year = {2014},
  note = {R package version 1.1-2},
  url = {https://CRAN.R-project.org/package=RColorBrewer},
}
@Manual{R-Rcpp,
  title = {Rcpp: Seamless R and C++ Integration},
  author = {Dirk Eddelbuettel and Romain Francois and JJ Allaire and Kevin Ushey and Qiang Kou and Nathan Russell and Douglas Bates and John Chambers},
  year = {2018},
  note = {R package version 1.0.0},
  url = {https://CRAN.R-project.org/package=Rcpp},
}
@Manual{R-RcppArmadillo,
  title = {RcppArmadillo: 'Rcpp' Integration for the 'Armadillo' Templated Linear Algebra
Library},
  author = {Dirk Eddelbuettel and Romain Francois and Doug Bates and Binxiang Ni},
  year = {2018},
  note = {R package version 0.9.100.5.0},
  url = {https://CRAN.R-project.org/package=RcppArmadillo},
}
@Manual{R-RcppEigen,
  title = {RcppEigen: 'Rcpp' Integration for the 'Eigen' Templated Linear Algebra
Library},
  author = {Douglas Bates and Dirk Eddelbuettel and Romain Francois and Yixuan Qiu; the authors of Eigen for the included version of Eigen},
  year = {2018},
  note = {R package version 0.3.3.4.0},
  url = {https://CRAN.R-project.org/package=RcppEigen},
}
@Manual{R-readr,
  title = {readr: Read Rectangular Text Data},
  author = {Hadley Wickham and Jim Hester and Romain Francois},
  year = {2017},
  note = {R package version 1.1.1},
  url = {https://CRAN.R-project.org/package=readr},
}
@Manual{R-readxl,
  title = {readxl: Read Excel Files},
  author = {Hadley Wickham and Jennifer Bryan},
  year = {2018},
  note = {R package version 1.1.0},
  url = {https://CRAN.R-project.org/package=readxl},
}
@Manual{R-registry,
  title = {registry: Infrastructure for R Package Registries},
  author = {David Meyer},
  year = {2017},
  note = {R package version 0.5},
  url = {https://CRAN.R-project.org/package=registry},
}
@Manual{R-rematch,
  title = {rematch: Match Regular Expressions with a Nicer 'API'},
  author = {Gabor Csardi},
  year = {2016},
  note = {R package version 1.0.1},
  url = {https://CRAN.R-project.org/package=rematch},
}
@Manual{R-remotes,
  title = {remotes: R Package Installation from Remote Repositories, Including
'GitHub'},
  author = {Gábor Csárdi and Hadley Wickham and Winston Chang and Jim Hester and Martin Morgan and Dan Tenenbaum},
  year = {2018},
  note = {R package version 2.0.2},
  url = {https://CRAN.R-project.org/package=remotes},
}
@Manual{R-reshape,
  title = {reshape: Flexibly Reshape Data},
  author = {Hadley Wickham},
  year = {2017},
  note = {R package version 0.8.7},
  url = {https://CRAN.R-project.org/package=reshape},
}
@Manual{R-reshape2,
  title = {reshape2: Flexibly Reshape Data: A Reboot of the Reshape Package},
  author = {Hadley Wickham},
  year = {2017},
  note = {R package version 1.4.3},
  url = {https://CRAN.R-project.org/package=reshape2},
}
@Manual{R-ResourceSelection,
  title = {ResourceSelection: Resource Selection (Probability) Functions for Use-Availability Data},
  author = {Subhash R. Lele and Jonah L. Keim and Peter Solymos},
  year = {2017},
  note = {R package version 0.3-3},
  url = {https://github.com/psolymos/ResourceSelection},
}
@Manual{R-rex,
  title = {rex: Friendly Regular Expressions},
  author = {Kevin Ushey and Jim Hester and Robert Krzyzanowski},
  year = {2017},
  note = {R package version 1.1.2},
  url = {https://CRAN.R-project.org/package=rex},
}
@Manual{R-rgdal,
  title = {rgdal: Bindings for the 'Geospatial' Data Abstraction Library},
  author = {Roger Bivand and Tim Keitt and Barry Rowlingson},
  year = {2018},
  note = {R package version 1.3-4},
  url = {https://CRAN.R-project.org/package=rgdal},
}
@Manual{R-rgeos,
  title = {rgeos: Interface to Geometry Engine - Open Source ('GEOS')},
  author = {Roger Bivand and Colin Rundel},
  year = {2018},
  note = {R package version 0.4-1},
  url = {https://CRAN.R-project.org/package=rgeos},
}
@Manual{R-rgl,
  title = {rgl: 3D Visualization Using OpenGL},
  author = {Daniel Adler and Duncan Murdoch},
  year = {2018},
  note = {R package version 0.99.16},
  url = {https://CRAN.R-project.org/package=rgl},
}
@Manual{R-rio,
  title = {rio: A Swiss-Army Knife for Data I/O},
  author = {Chung-hong Chan and Thomas J. Leeper},
  year = {2018},
  note = {R package version 0.5.10},
  url = {https://CRAN.R-project.org/package=rio},
}
@Manual{R-rioja,
  title = {rioja: Analysis of Quaternary Science Data},
  author = {Steve Juggins},
  year = {2018},
  note = {R package version 0.9-15.1},
  url = {https://CRAN.R-project.org/package=rioja},
}
@Manual{R-rjags,
  title = {rjags: Bayesian Graphical Models using MCMC},
  author = {Martyn Plummer},
  year = {2018},
  note = {R package version 4-7},
  url = {https://CRAN.R-project.org/package=rjags},
}
@Manual{R-rlang,
  title = {rlang: Functions for Base Types and Core R and 'Tidyverse' Features},
  author = {Lionel Henry and Hadley Wickham},
  year = {2019},
  note = {R package version 0.3.1},
  url = {https://CRAN.R-project.org/package=rlang},
}
@Manual{R-rlecuyer,
  title = {rlecuyer: R Interface to RNG with Multiple Streams},
  author = {Hana Sevcikova and Tony Rossini},
  year = {2015},
  note = {R package version 0.3-4},
  url = {https://CRAN.R-project.org/package=rlecuyer},
}
@Manual{R-rmarkdown,
  title = {rmarkdown: Dynamic Documents for R},
  author = {JJ Allaire and Yihui Xie and Jonathan McPherson and Javier Luraschi and Kevin Ushey and Aron Atkins and Hadley Wickham and Joe Cheng and Winston Chang},
  year = {2018},
  note = {R package version 1.10},
  url = {https://CRAN.R-project.org/package=rmarkdown},
}
@Manual{R-rngtools,
  title = {rngtools: Utility Functions for Working with Random Number Generators},
  author = {Renaud Gaujoux},
  year = {2018},
  note = {R package version 1.3.1},
  url = {https://CRAN.R-project.org/package=rngtools},
}
@Manual{R-RODBC,
  title = {RODBC: ODBC Database Access},
  author = {Brian Ripley and Michael Lapsley},
  year = {2017},
  note = {R package version 1.3-15},
  url = {https://CRAN.R-project.org/package=RODBC},
}
@Manual{R-rpart,
  title = {rpart: Recursive Partitioning and Regression Trees},
  author = {Terry Therneau and Beth Atkinson},
  year = {2018},
  note = {R package version 4.1-13},
  url = {https://CRAN.R-project.org/package=rpart},
}
@Manual{R-rprojroot,
  title = {rprojroot: Finding Files in Project Subdirectories},
  author = {Kirill Müller},
  year = {2018},
  note = {R package version 1.3-2},
  url = {https://CRAN.R-project.org/package=rprojroot},
}
@Manual{R-RSQLite,
  title = {RSQLite: 'SQLite' Interface for R},
  author = {Kirill Müller and Hadley Wickham and David A. James and Seth Falcon},
  year = {2018},
  note = {R package version 2.1.1},
  url = {https://CRAN.R-project.org/package=RSQLite},
}
@Manual{R-rstan,
  title = {rstan: R Interface to Stan},
  author = {Jiqiang Guo and Jonah Gabry and Ben Goodrich},
  year = {2018},
  note = {R package version 2.18.2},
  url = {https://CRAN.R-project.org/package=rstan},
}
@Manual{R-rstudioapi,
  title = {rstudioapi: Safely Access the RStudio API},
  author = {JJ Allaire and Hadley Wickham and Kevin Ushey and Gary Ritchie},
  year = {2018},
  note = {R package version 0.8},
  url = {https://CRAN.R-project.org/package=rstudioapi},
}
@Manual{R-rvest,
  title = {rvest: Easily Harvest (Scrape) Web Pages},
  author = {Hadley Wickham},
  year = {2016},
  note = {R package version 0.3.2},
  url = {https://CRAN.R-project.org/package=rvest},
}
@Manual{R-sandwich,
  title = {sandwich: Robust Covariance Matrix Estimators},
  author = {Achim Zeileis and Thomas Lumley},
  year = {2018},
  note = {R package version 2.5-0},
  url = {https://CRAN.R-project.org/package=sandwich},
}
@Manual{R-satellite,
  title = {satellite: Handling and Manipulating Remote Sensing Data},
  author = {Thomas Nauss and Hanna Meyer and Tim Appelhans and Florian Detsch},
  year = {2017},
  note = {R package version 1.0.1},
  url = {https://CRAN.R-project.org/package=satellite},
}
@Manual{R-scales,
  title = {scales: Scale Functions for Visualization},
  author = {Hadley Wickham},
  year = {2018},
  note = {R package version 1.0.0},
  url = {https://CRAN.R-project.org/package=scales},
}
@Manual{R-scatterplot3d,
  title = {scatterplot3d: 3D Scatter Plot},
  author = {Uwe Ligges and Martin Maechler and Sarah Schnackenberg},
  year = {2018},
  note = {R package version 0.3-41},
  url = {https://CRAN.R-project.org/package=scatterplot3d},
}
@Manual{R-segmented,
  title = {segmented: Regression Models with Break-Points / Change-Points Estimation},
  author = {Vito M. R. Muggeo},
  year = {2017},
  note = {R package version 0.5-3.0},
  url = {https://CRAN.R-project.org/package=segmented},
}
@Manual{R-selectr,
  title = {selectr: Translate CSS Selectors to XPath Expressions},
  author = {Simon Potter and Simon Sapin and Ian Bicking},
  year = {2018},
  note = {R package version 0.4-1},
  url = {https://CRAN.R-project.org/package=selectr},
}
@Manual{R-sendmailR,
  title = {sendmailR: send email using R},
  author = {Olaf Mersmann},
  year = {2014},
  note = {R package version 1.2-1},
  url = {https://CRAN.R-project.org/package=sendmailR},
}
@Manual{R-seqinr,
  title = {seqinr: Biological Sequences Retrieval and Analysis},
  author = {Delphine Charif and Jean R. Lobry},
  year = {2017},
  note = {R package version 3.4-5},
  url = {https://CRAN.R-project.org/package=seqinr},
}
@Manual{R-sessioninfo,
  title = {sessioninfo: R Session Information},
  author = {Gábor Csárdi and R core and Hadley Wickham and Winston Chang and Robert M Flight and Kirill Müller and Jim Hester},
  year = {2018},
  note = {R package version 1.1.1},
  url = {https://CRAN.R-project.org/package=sessioninfo},
}
@Manual{R-sf,
  title = {sf: Simple Features for R},
  author = {Edzer Pebesma},
  year = {2018},
  note = {R package version 0.6-3},
  url = {https://CRAN.R-project.org/package=sf},
}
@Manual{R-sharx,
  title = {sharx: Models and Data Sets for the Study of Species-Area Relationships},
  author = {Peter Solymos},
  year = {2016},
  note = {R package version 1.0-5},
  url = {https://CRAN.R-project.org/package=sharx},
}
@Manual{R-shiny,
  title = {shiny: Web Application Framework for R},
  author = {Winston Chang and Joe Cheng and JJ Allaire and Yihui Xie and Jonathan McPherson},
  year = {2018},
  note = {R package version 1.2.0},
  url = {https://CRAN.R-project.org/package=shiny},
}
@Manual{R-shinyBS,
  title = {shinyBS: Twitter Bootstrap Components for Shiny},
  author = {Eric Bailey},
  year = {2015},
  note = {R package version 0.61},
  url = {https://CRAN.R-project.org/package=shinyBS},
}
@Manual{R-shinyjs,
  title = {shinyjs: Easily Improve the User Experience of Your Shiny Apps in Seconds},
  author = {Dean Attali},
  year = {2018},
  note = {R package version 1.0},
  url = {https://CRAN.R-project.org/package=shinyjs},
}
@Manual{R-shinythemes,
  title = {shinythemes: Themes for Shiny},
  author = {Winston Chang},
  year = {2016},
  note = {R package version 1.1.1},
  url = {https://CRAN.R-project.org/package=shinythemes},
}
@Manual{R-simba,
  title = {simba: A Collection of functions for similarity analysis of vegetation
data},
  author = {Gerald Jurasinski and with contributions from Vroni Retzer},
  year = {2012},
  note = {R package version 0.3-5},
  url = {https://CRAN.R-project.org/package=simba},
}
@Manual{R-sn,
  title = {sn: The Skew-Normal and Related Distributions Such as the Skew-t},
  author = {Adelchi Azzalini},
  year = {2018},
  note = {R package version 1.5-3},
  url = {https://CRAN.R-project.org/package=sn},
}
@Manual{R-snow,
  title = {snow: Simple Network of Workstations},
  author = {Luke Tierney and A. J. Rossini and Na Li and H. Sevcikova},
  year = {2018},
  note = {R package version 0.4-3},
  url = {https://CRAN.R-project.org/package=snow},
}
@Manual{R-sourcetools,
  title = {sourcetools: Tools for Reading, Tokenizing and Parsing R Code},
  author = {Kevin Ushey},
  year = {2018},
  note = {R package version 0.1.7},
  url = {https://CRAN.R-project.org/package=sourcetools},
}
@Manual{R-sp,
  title = {sp: Classes and Methods for Spatial Data},
  author = {Edzer Pebesma and Roger Bivand},
  year = {2018},
  note = {R package version 1.3-1},
  url = {https://CRAN.R-project.org/package=sp},
}
@Manual{R-spam,
  title = {spam: SPArse Matrix},
  author = {Reinhard Furrer},
  year = {2018},
  note = {R package version 2.2-0},
  url = {https://CRAN.R-project.org/package=spam},
}
@Manual{R-SparseM,
  title = {SparseM: Sparse Linear Algebra},
  author = {Roger Koenker and Pin Ng},
  year = {2017},
  note = {R package version 1.77},
  url = {https://CRAN.R-project.org/package=SparseM},
}
@Manual{R-spatial,
  title = {spatial: Functions for Kriging and Point Pattern Analysis},
  author = {Brian Ripley},
  year = {2015},
  note = {R package version 7.3-11},
  url = {https://CRAN.R-project.org/package=spatial},
}
@Manual{R-spData,
  title = {spData: Datasets for Spatial Analysis},
  author = {Roger Bivand and Jakub Nowosad and Robin Lovelace},
  year = {2018},
  note = {R package version 0.2.9.4},
  url = {https://CRAN.R-project.org/package=spData},
}
@Manual{R-spdep,
  title = {spdep: Spatial Dependence: Weighting Schemes, Statistics and Models},
  author = {Roger Bivand},
  year = {2018},
  note = {R package version 0.7-9},
  url = {https://CRAN.R-project.org/package=spdep},
}
@Manual{R-StanHeaders,
  title = {StanHeaders: C++ Header Files for Stan},
  author = {Ben Goodrich and Andrew Gelman and Bob Carpenter and Matt Hoffman and Daniel Lee and Michael Betancourt and Marcus Brubaker and Jiqiang Guo and Peter Li and Allen Riddell and Marco Inacio and Mitzi Morris and Jeffrey Arnold and Rob Goedman and Brian Lau and Rob Trangucci and Jonah Gabry and Alp Kucukelbir and Robert Grant and Dustin Tran and Michael Malecki and Yuanjun Gao},
  year = {2019},
  note = {R package version 2.18.1},
  url = {https://CRAN.R-project.org/package=StanHeaders},
}
@Manual{R-stringdist,
  title = {stringdist: Approximate String Matching and String Distance Functions},
  author = {Mark {van der Loo}},
  year = {2018},
  note = {R package version 0.9.5.1},
  url = {https://CRAN.R-project.org/package=stringdist},
}
@Manual{R-stringi,
  title = {stringi: Character String Processing Facilities},
  author = {Marek Gagolewski and Bartek Tartanus and and other contributors; IBM and other contributors; Unicode and {Inc.}},
  year = {2018},
  note = {R package version 1.2.4},
  url = {https://CRAN.R-project.org/package=stringi},
}
@Manual{R-stringr,
  title = {stringr: Simple, Consistent Wrappers for Common String Operations},
  author = {Hadley Wickham},
  year = {2018},
  note = {R package version 1.3.1},
  url = {https://CRAN.R-project.org/package=stringr},
}
@Manual{R-survival,
  title = {survival: Survival Analysis},
  author = {Terry M Therneau},
  year = {2018},
  note = {R package version 2.42-3},
  url = {https://CRAN.R-project.org/package=survival},
}
@Manual{R-svglite,
  title = {svglite: An 'SVG' Graphics Device},
  author = {Hadley Wickham and Lionel Henry and T Jake Luciani and Matthieu Decorde and Vaudor Lise},
  year = {2017},
  note = {R package version 1.2.1},
  url = {https://CRAN.R-project.org/package=svglite},
}
@Manual{R-sys,
  title = {sys: Powerful and Reliable Tools for Running System Commands in R},
  author = {Jeroen Ooms},
  year = {2018},
  note = {R package version 2.1},
  url = {https://CRAN.R-project.org/package=sys},
}
@Manual{R-testthat,
  title = {testthat: Unit Testing for R},
  author = {Hadley Wickham},
  year = {2017},
  note = {R package version 2.0.0},
  url = {https://CRAN.R-project.org/package=testthat},
}
@Manual{R-tibble,
  title = {tibble: Simple Data Frames},
  author = {Kirill Müller and Hadley Wickham},
  year = {2019},
  note = {R package version 2.0.1},
  url = {https://CRAN.R-project.org/package=tibble},
}
@Manual{R-tidyr,
  title = {tidyr: Easily Tidy Data with 'spread()' and 'gather()' Functions},
  author = {Hadley Wickham and Lionel Henry},
  year = {2018},
  note = {R package version 0.8.2},
  url = {https://CRAN.R-project.org/package=tidyr},
}
@Manual{R-tidyselect,
  title = {tidyselect: Select from a Set of Strings},
  author = {Lionel Henry and Hadley Wickham},
  year = {2018},
  note = {R package version 0.2.5},
  url = {https://CRAN.R-project.org/package=tidyselect},
}
@Manual{R-timeDate,
  title = {timeDate: Rmetrics - Chronological and Calendar Objects},
  author = {Diethelm Wuertz and Tobias Setz and Yohan Chalabi and Martin Maechler and Joe W. Byers},
  year = {2018},
  note = {R package version 3043.102},
  url = {https://CRAN.R-project.org/package=timeDate},
}
@Manual{R-tinytex,
  title = {tinytex: Helper Functions to Install and Maintain 'TeX Live', and Compile
'LaTeX' Documents},
  author = {Yihui Xie},
  year = {2018},
  note = {R package version 0.8},
  url = {https://CRAN.R-project.org/package=tinytex},
}
@Manual{R-tseries,
  title = {tseries: Time Series Analysis and Computational Finance},
  author = {Adrian Trapletti and Kurt Hornik},
  year = {2018},
  note = {R package version 0.10-45},
  url = {https://CRAN.R-project.org/package=tseries},
}
@Manual{R-TTR,
  title = {TTR: Technical Trading Rules},
  author = {Joshua Ulrich},
  year = {2018},
  note = {R package version 0.23-4},
  url = {https://CRAN.R-project.org/package=TTR},
}
@Manual{R-units,
  title = {units: Measurement Units for R Vectors},
  author = {Edzer Pebesma and Thomas Mailund and Tomasz Kalinowski},
  year = {2018},
  note = {R package version 0.6-2},
  url = {https://CRAN.R-project.org/package=units},
}
@Manual{R-unmarked,
  title = {unmarked: Models for Data from Unmarked Animals},
  author = {Ian Fiske and Richard Chandler and David Miller and Andy Royle and Marc Kery and Jeff Hostetler and Rebecca Hutchinson},
  year = {2017},
  note = {R package version 0.12-2},
  url = {https://CRAN.R-project.org/package=unmarked},
}
@Manual{R-untb,
  title = {untb: Ecological Drift under the UNTB},
  author = {Robin K. S. Hankin},
  year = {2018},
  note = {R package version 1.7-3},
  url = {https://CRAN.R-project.org/package=untb},
}
@Manual{R-urca,
  title = {urca: Unit Root and Cointegration Tests for Time Series Data},
  author = {Bernhard Pfaff},
  year = {2016},
  note = {R package version 1.3-0},
  url = {https://CRAN.R-project.org/package=urca},
}
@Manual{R-uroot,
  title = {uroot: Unit Root Tests for Seasonal Time Series},
  author = {Javier López-de-Lacalle},
  year = {2017},
  note = {R package version 2.0-9},
  url = {https://CRAN.R-project.org/package=uroot},
}
@Manual{R-usethis,
  title = {usethis: Automate Package and Project Setup},
  author = {Hadley Wickham and Jennifer Bryan},
  year = {2018},
  note = {R package version 1.4.0},
  url = {https://CRAN.R-project.org/package=usethis},
}
@Manual{R-utf8,
  title = {utf8: Unicode Text Processing},
  author = {Patrick O. Perry},
  year = {2018},
  note = {R package version 1.1.4},
  url = {https://CRAN.R-project.org/package=utf8},
}
@Manual{R-uuid,
  title = {uuid: Tools for generating and handling of UUIDs},
  author = {Simon Urbanek and Theodore Ts'o},
  year = {2015},
  note = {R package version 0.1-2},
  url = {https://CRAN.R-project.org/package=uuid},
}
@Manual{R-vegan,
  title = {vegan: Community Ecology Package},
  author = {Jari Oksanen and F. Guillaume Blanchet and Michael Friendly and Roeland Kindt and Pierre Legendre and Dan McGlinn and Peter R. Minchin and R. B. O'Hara and Gavin L. Simpson and Peter Solymos and M. Henry H. Stevens and Eduard Szoecs and Helene Wagner},
  year = {2018},
  note = {R package version 2.5-2},
  url = {https://CRAN.R-project.org/package=vegan},
}
@Manual{R-viridis,
  title = {viridis: Default Color Maps from 'matplotlib'},
  author = {Simon Garnier},
  year = {2018},
  note = {R package version 0.5.1},
  url = {https://CRAN.R-project.org/package=viridis},
}
@Manual{R-viridisLite,
  title = {viridisLite: Default Color Maps from 'matplotlib' (Lite Version)},
  author = {Simon Garnier},
  year = {2018},
  note = {R package version 0.3.0},
  url = {https://CRAN.R-project.org/package=viridisLite},
}
@Manual{R-webshot,
  title = {webshot: Take Screenshots of Web Pages},
  author = {Winston Chang},
  year = {2018},
  note = {R package version 0.5.1},
  url = {https://CRAN.R-project.org/package=webshot},
}
@Manual{R-webutils,
  title = {webutils: Utility Functions for Developing Web Applications},
  author = {Jeroen Ooms},
  year = {2017},
  note = {R package version 0.6},
  url = {https://CRAN.R-project.org/package=webutils},
}
@Manual{R-whisker,
  title = {whisker: {{mustache}} for R, logicless templating},
  author = {Edwin {de Jonge}},
  year = {2013},
  note = {R package version 0.3-2},
  url = {https://CRAN.R-project.org/package=whisker},
}
@Manual{R-withr,
  title = {withr: Run Code 'With' Temporarily Modified Global State},
  author = {Jim Hester and Kirill Müller and Kevin Ushey and Hadley Wickham and Winston Chang},
  year = {2018},
  note = {R package version 2.1.2},
  url = {https://CRAN.R-project.org/package=withr},
}
@Manual{R-xfun,
  title = {xfun: Miscellaneous Functions by 'Yihui Xie'},
  author = {Yihui Xie},
  year = {2018},
  note = {R package version 0.4},
  url = {https://CRAN.R-project.org/package=xfun},
}
@Manual{R-XML,
  title = {XML: Tools for Parsing and Generating XML Within R and S-Plus},
  author = {Duncan {Temple Lang} and the CRAN Team},
  year = {2019},
  note = {R package version 3.98-1.19},
  url = {https://CRAN.R-project.org/package=XML},
}
@Manual{R-xml2,
  title = {xml2: Parse XML},
  author = {Hadley Wickham and James Hester and Jeroen Ooms},
  year = {2018},
  note = {R package version 1.2.0},
  url = {https://CRAN.R-project.org/package=xml2},
}
@Manual{R-xopen,
  title = {xopen: Open System Files, 'URLs', Anything},
  author = {Gábor Csárdi and Fathi Boudra and Rex Dieter and Kevin Krammer and Jeremy White},
  year = {2018},
  note = {R package version 1.0.0},
  url = {https://CRAN.R-project.org/package=xopen},
}
@Manual{R-xtable,
  title = {xtable: Export Tables to LaTeX or HTML},
  author = {David B. Dahl and David Scott and Charles Roosen and Arni Magnusson and Jonathan Swinton},
  year = {2018},
  note = {R package version 1.8-3},
  url = {https://CRAN.R-project.org/package=xtable},
}
@Manual{R-xts,
  title = {xts: eXtensible Time Series},
  author = {Jeffrey A. Ryan and Joshua M. Ulrich},
  year = {2018},
  note = {R package version 0.11-1},
  url = {https://CRAN.R-project.org/package=xts},
}
@Manual{R-yaml,
  title = {yaml: Methods to Convert R Data to YAML and Back},
  author = {Jeremy Stephens and Kirill Simonov and Yihui Xie and Zhuoer Dong and Hadley Wickham and Jeffrey Horner and {reikoch} and Will Beasley and Brendan O'Connor and Gregory R. Warnes},
  year = {2018},
  note = {R package version 2.2.0},
  url = {https://CRAN.R-project.org/package=yaml},
}
@Manual{R-zip,
  title = {zip: Cross-Platform 'zip' Compression},
  author = {Gábor Csárdi and Kuba Podgórski and Rich Geldreich},
  year = {2017},
  note = {R package version 1.0.0},
  url = {https://CRAN.R-project.org/package=zip},
}
@Manual{R-zoo,
  title = {zoo: S3 Infrastructure for Regular and Irregular Time Series (Z's
Ordered Observations)},
  author = {Achim Zeileis and Gabor Grothendieck and Jeffrey A. Ryan},
  year = {2018},
  note = {R package version 1.8-4},
  url = {https://CRAN.R-project.org/package=zoo},
}
